% Encoding: UTF-8

@Book{marketingmetrics2015,
  title     = {Marketing Metrics: The Manager's Guide to Measuring Marketing Performance},
  publisher = {Pearson FT Press; 3 edition (September 6, 2015)},
  year      = {2015},
  author    = {Paul Farris and Neil Bendle and Phillip Pfeifer and David Reibstein},
}

@Misc{hbrdelightcustomer2010,
  author = {Matthew Dixon and Karen Freeman and Nicholas Toman},
  title  = {Stop Trying to Delight Your Customers},
  year   = {2010},
  url    = {https://hbr.org/2010/07/stop-trying-to-delight-your-customers},
}

@TechReport{salesforcestateofservice2015,
  author      = {Salesforce},
  title       = {State of Service Salesforce Research},
  institution = {Salesforce},
  year        = {2015},
  type        = {resreport},
  note        = {Página 19},
  url         = {https://secure.sfdcstatic.com/assets/pdf/misc/state-of-service-report-salesforce.pdf},
}

@TechReport{cenariodossacs2015,
  author      = {ConsumidorModerno},
  title       = {Cenário dos SACs no Brasil},
  institution = {Centro de Inteligência Padrão - CIP},
  year        = {2015},
  type        = {resreport},
  month       = {Novembro},
  note        = {Página 39},
  url         = {http://consumidormoderno.com.br/novo/wp-content/uploads/2015/12/CM208.pdf},
}

@Misc{customericare2015,
  author       = {Aurelie Chazal},
  title        = {The Untapped Potential Of Ecommerce Video Chat},
  howpublished = {Online},
  year         = {2015},
  url          = {https://customericare.com/infographics-the-untapped-potential-of-ecommerce-video-chat/},
}

@TechReport{contactcentredoing2014,
  author      = {NewVoiceMedia},
  title       = {What Contact Centres are Doing Right Now},
  institution = {NewVoiceMedia},
  year        = {2014},
  url         = {http://pages.newvoicemedia.com/rs/newvoicemedia/images/cch-nvm-report-what-contact-centres-are-doing-right-now-072014.pdf},
}

@Article{videochatinfographic2013,
  author  = {Andrea Huspeni},
  title   = {Video Chat: It Ain't Just for Long Distance Relationships Anymore (Infographic)},
  journal = {Entrepreneur},
  year    = {2013},
  url     = {https://www.entrepreneur.com/article/229110},
}

@Book{tanenbaum2002,
  title     = {Computer Networks},
  publisher = {Prentice Hall},
  year      = {2002},
  author    = {Andrew S. Tanenbaum},
}

@Manual{clientserver1996,
  title        = {Oracle Server Concepts Manual},
  author       = {Oracle},
  organization = {Oracle},
  year         = {1996},
  url          = {https://docs.oracle.com/cd/A57673_01/DOC/server/doc/SCN73/ch20.htm},
}

@Article{p2pdefinition2001,
  author  = {R. Schollmeier},
  title   = {A definition of peer-to-peer networking for the classification of peer-to-peer architectures and applications},
  journal = {Proceedings First International Conference on Peer-to-Peer Computing},
  year    = {2001},
  url     = {http://ieeexplore.ieee.org/document/990434/},
}

@Article{p2pgnutella2001,
  author  = {M. Ripeanu},
  title   = {Peer-to-peer architecture case study: Gnutella network},
  journal = {Proceedings First International Conference on Peer-to-Peer Computing},
  year    = {2001},
  url     = {http://ieeexplore.ieee.org/abstract/document/990433/},
}

@PhdThesis{restroyfielding2000,
  author = {Roy Thomas Fielding},
  title  = {Architectural Styles and the Design of Network-based Software Architectures},
  school = {University of California, Irvine},
  year   = {2000},
  type   = {Doctoral dissertation},
  url    = {https://www.ics.uci.edu/~fielding/pubs/dissertation/top.htm},
}

@TechReport{httprfc2616,
  author      = {R. Fielding and J. Gettys and J. Mogul and H. Frystyk and L. Masinter and P. Leach and Tim Berners-Lee},
  title       = {Hypertext Transfer Protocol -- HTTP/1.1},
  institution = {RFC Editor},
  year        = {1999},
  type        = {RFC},
  number      = {2616},
  month       = {June},
  url         = {https://www.rfc-editor.org/rfc/rfc2616.txt},
}

@TechReport{websocketprotocol2011,
  author      = {I. Fette and A. Melnikov},
  title       = {The WebSocket Protocol},
  institution = {RFC Editor},
  year        = {2011},
  type        = {RFC},
  month       = {December},
  abstract    = {The WebSocket Protocol enables two-way communication between a client running untrusted code in a controlled environment to a remote host that has opted-in to communications from that code.  The security model used for this is the origin-based security model commonly used by web browsers.  The protocol consists of an opening handshake followed by basic message framing, layered over TCP.  The goal of this technology is to provide a mechanism for browser-based applications that need two-way communication with servers that does not rely on opening multiple HTTP connections (e.g., using XMLHttpRequest or <iframe>s and long polling).},
  url         = {https://www.rfc-editor.org/rfc/rfc6455.txt},
}

@TechReport{w3cwebrtc2017,
  author      = {Adam Bergkvist and Daniel C. Burnett and Cullen Jennings and Anant Narayanan and Bernard Aboba and Taylor Brandstetter},
  title       = {WebRTC 1.0: Real-time Communication Between Browsers},
  institution = {W3C},
  year        = {2017},
  type        = {Candidate Recommendation},
  month       = {November},
  abstract    = {This document defines a set of ECMAScript APIs in WebIDL to allow media to be sent to and received from another browser or device implementing the appropriate set of real-time protocols. This specification is being developed in conjunction with a protocol specification developed by the IETF RTCWEB group and an API specification to get access to local media devices developed by the Media Capture Task Force.},
  url         = {https://www.w3.org/TR/webrtc/},
}

@TechReport{getusermedia2017,
  author      = {Daniel C. Burnett and Adam Bergkvist and Cullen Jennings and Anant Narayanan and Bernard Aboba},
  title       = {Media Capture and Streams},
  institution = {W3C},
  year        = {2017},
  type        = {Candidate Recommendation},
  month       = {October},
  abstract    = {This document defines a set of JavaScript APIs that allow local media, including audio and video, to be requested from a platform.},
  url         = {https://www.w3.org/TR/mediacapture-streams/},
}

@Misc{webrtcarchitecture,
  author = {Sam Dutton},
  title  = {WebRTC in the real world: STUN, TURN and signaling},
  month  = {November},
  year   = {2013},
  url    = {https://www.html5rocks.com/en/tutorials/webrtc/infrastructure/},
}

@Misc{ericssonwebrtc,
  author = {Stefan Håkansson},
  title  = {Beyond HTML5: Peer-to-Peer Conversational Video},
  month  = {Janeiro},
  year   = {2011},
  url    = {https://www.ericsson.com/research-blog/beyond-html5-peer-peer-conversational-video/},
}

@Misc{thoughtsonflash,
  author = {Steve Jobs},
  title  = {Thoughts on Flash},
  month  = {April},
  year   = {2010},
  url    = {https://www.apple.com/hotnews/thoughts-on-flash/},
}

@Manual{rtpmspec,
  title  = {Adobe’s Real Time Messaging Protocol},
  author = {H. Parmar, M. Thornburgh},
  month  = {December},
  year   = {2012},
  url    = {http://wwwimages.adobe.com/www.adobe.com/content/dam/acom/en/devnet/rtmp/pdf/rtmp_specification_1.0.pdf},
}

@Online{zendesksobre,
  author = {Zendesk},
  editor = {Zendesk},
  title  = {Sobre Zendesk},
  year   = {2018},
  date   = {2018-05-13},
  url    = {https://www.zendesk.com.br/about/},
}

@Online{zendeskcustomers,
  author = {Zendesk},
  editor = {Zendesk},
  title  = {Zendesk Customers},
  year   = {2018},
  date   = {2018-05-19},
  url    = {https://www.zendesk.com/why-zendesk/customers/},
}

@Online{intercomabout,
  author = {Intercom},
  editor = {Intercom},
  title  = {About Intercom},
  year   = {2018},
  date   = {2018-05-19},
  url    = {https://www.intercom.com/about},
}

@Online{intercomcustomers,
  author = {Intercom},
  editor = {Intercom},
  title  = {Intercom Customers},
  year   = {2018},
  date   = {2018-05-19},
  url    = {https://www.intercom.com/customers},
}

@Online{abriefhistoryaboutjavascript,
  author = {Sebastián Peyrott},
  editor = {Auth0},
  title  = {A Brief History of JavaScript},
  year   = {2018},
  date   = {2017-01-16},
  url    = {https://auth0.com/blog/a-brief-history-of-javascript/},
}

@Online{javascriptannouncement,
  author = {Tech Insider},
  editor = {Tech Insider},
  title  = {Netscape and Sun Announce JavaScript, the Open, Cross-Platform Object Scripting Language for Enterprise Networks and the Internet},
  year   = {1995},
  url    = {http://tech-insider.org/java/research/1995/1204.html},
}

@Manual{ecmascript,
  author = {Ecma International},
  editor = {Ecma International},
  title  = {Standard ECMA-262},
  year   = {2017},
  date   = {2017-06},
  url    = {https://www.ecma-international.org/publications/standards/Ecma-262.htm},
}

@Comment{jabref-meta: databaseType:biblatex;}
